@misc{tiobe_index,
  author = {TIOBE -- The Software Qualtiy Company},
  title = {TIOBE Index for June 2019},
  year = {2019},
  url = {https://www.tiobe.com/tiobe-index/},
  note = {[Online; accessed 2019-06-25]}
}
