@article{Evans2001,
author = "Evans, Philip R.",
title = "{Rotations and rotation matrices}",
journal = "Acta. Crystallogr. D",
year = "2001",
volume = "57",
number = "10",
pages = "1355--1359",
doi = {10.1107/S0907444901012410},
url = {https://doi.org/10.1107/S0907444901012410},
}
